%% This BibTeX bibliography file was created using BibDesk.
%% http://bibdesk.sourceforge.net/


%% Created for Amninder Singh Narota at 2014-05-06 19:44:09 -0400 


%% Saved with string encoding Unicode (UTF-8) 



@inproceedings{5602080,
	Author = {Shibata, N. and Kajikawa, Y. and Sakata, I.},
	Booktitle = {Technology Management for Global Economic Growth (PICMET), 2010 Proceedings of PICMET '10:},
	Keywords = {citation analysis;natural language processing;patents;solar cells;Jaccard coefficient;academic papers;citation analysis;cosine similarity;industrial technology;natural language processing;patents;scientific papers;semantic similarity measurement;solar cells;uncommercialized research fronts;Indexes;Industries;Patents;Photovoltaic cells;Polymers;Semantics;Technological innovation},
	Month = {July},
	Pages = {1-6},
	Title = {How to measure the semantic similarities between scientific papers and patents in order to discover uncommercialized research fronts: A case study of solar cells},
	Year = {2010}}

@inproceedings{qian,
	Acmid = {968151},
	Address = {New York, NY, USA},
	Author = {Qian, Gang and Sural, Shamik and Gu, Yuelong and Pramanik, Sakti},
	Booktitle = {Proceedings of the 2004 ACM Symposium on Applied Computing},
	Date-Modified = {2014-05-06 23:24:51 +0000},
	Doi = {10.1145/967900.968151},
	Isbn = {1-58113-812-1},
	Keywords = {Content based image retrieval, Cosine angle distance, Euclidean distance, Inter-feature normalization, vector model},
	Location = {Nicosia, Cyprus},
	Numpages = {6},
	Pages = {1232--1237},
	Publisher = {ACM},
	Series = {SAC '04},
	Title = {Similarity Between Euclidean and Cosine Angle Distance for Nearest Neighbor Queries},
	Url = {http://doi.acm.org/10.1145/967900.968151},
	Year = {2004},
	Bdsk-Url-1 = {http://doi.acm.org/10.1145/967900.968151},
	Bdsk-Url-2 = {http://dx.doi.org/10.1145/967900.968151}}

@article{dke,
	Added-At = {2011-01-04T00:00:00.000+0100},
	Author = {Zhu, Shiwei and Wu, Junjie and Xiong, Hui and Xia, Guoping},
	Biburl = {http://www.bibsonomy.org/bibtex/2c6d309856e4b7ae4184937e4df39be78/dblp},
	Date-Modified = {2014-05-06 23:44:07 +0000},
	Ee = {http://dx.doi.org/10.1016/j.datak.2010.08.004},
	Interhash = {6e04d990a2d1a72b7c4866e08acf8a36},
	Intrahash = {c6d309856e4b7ae4184937e4df39be78},
	Journal = {Data Knowl. Eng.},
	Keywords = {dblp},
	Number = 1,
	Pages = {60-83},
	Timestamp = {2011-01-04T00:00:00.000+0100},
	Title = {Scaling up top-K cosine similarity search.},
	Url = {http://dblp.uni-trier.de/db/journals/dke/dke70.html#ZhuWXX11},
	Volume = 70,
	Year = 2011,
	Bdsk-Url-1 = {http://dblp.uni-trier.de/db/journals/dke/dke70.html#ZhuWXX11}}
